% Background sciency things.
@phdthesis{dunlop2006automatic,
	title={Automatic rock detection and classification in natural scenes},
	author={Dunlop, Heather},
	year={2006},
	school={Carnegie Mellon University}
}

@article{daw2006cortical,
	title={Cortical substrates for exploratory decisions in humans},
	author={Daw, Nathaniel D and O'Doherty, John P and Dayan, Peter and Seymour, Ben and Dolan, Raymond J},
	journal={Nature},
	volume={441},
	number={7095},
	pages={876--879},
	year={2006},
	publisher={Nature Publishing Group}
}

@book{cohen2013statistical,
	title={Statistical power analysis for the behavioral sciences},
	author={Cohen, Jacob},
	year={2013},
	publisher={Academic press}
}



% Reference for the bayesian statistical test.
@inproceedings{baath2014bayesian,
	title={Bayesian First Aid: A Package that Implements Bayesian Alternatives to the Classical *.test Functions in R},
	author={B{\aa}{\aa}th, Rasmus},
	booktitle={UseR! 2014 - the International R User Conference},
	year={2014}
}



% Multi-armed bandits
@article{robbins1952some,
	title={Some aspects of the sequential design of experiments},
	author={Robbins, Herbert},
	journal={Bulletin of the American Mathematical Society},
	pages={527--535},
	year={1952},
	volume={58},
	number={5},
	publisher={Springer}
}


@article{lai1985asymptotically,
	title={Asymptotically efficient adaptive allocation rules},
	author={Lai, Tze Leung and Robbins, Herbert},
	journal={Advances in applied mathematics},
	volume={6},
	number={1},
	pages={4--22},
	year={1985},
	publisher={Elsevier}
}

@article{agrawal1995sample,
	title={Sample mean based index policies with O (log n) regret for the multi-armed bandit problem},
	author={Agrawal, Rajeev},
	journal={Advances in Applied Probability},
	pages={1054--1078},
	year={1995},
	publisher={JSTOR}
}

@article{auer2002finite,
	title={Finite-time analysis of the multiarmed bandit problem},
	author={Auer, Peter and Cesa-Bianchi, Nicol{\`o} and Fischer, Paul},
	journal={Machine learning},
	volume={47},
	number={2-3},
	pages={235--256},
	year={2002},
	publisher={Springer}
}


@article{auer2003using,
	title={Using confidence bounds for exploitation-exploration trade-offs},
	author={Auer, Peter},
	journal={The Journal of Machine Learning Research},
	volume={3},
	pages={397--422},
	year={2003},
	publisher={JMLR. org}
}

@article{srinivas2009gaussian,
	title={Gaussian process optimization in the bandit setting: No regret and experimental design},
	author={Srinivas, Niranjan and Krause, Andreas and Kakade, Sham M and Seeger, Matthias},
	journal={arXiv preprint arXiv:0912.3995},
	year={2009}
}

@article{auer2010ucb,
	title={{UCB} revisited: Improved regret bounds for the stochastic multi-armed bandit problem},
	author={Auer, Peter and Ortner, Ronald},
	journal={Periodica Mathematica Hungarica},
	volume={61},
	number={1-2},
	pages={55--65},
	year={2010},
	publisher={Springer}
}


@inproceedings{balcan2006agnostic,
	title={Agnostic active learning},
	author={Balcan, Maria-Florina and Beygelzimer, Alina and Langford, John},
	booktitle={Proceedings of the 23rd international conference on Machine learning},
	pages={65--72},
	year={2006},
	organization={ACM}
}

% Science autonomy robots

@article{king2004functional,
	title={Functional genomic hypothesis generation and experimentation by a robot scientist},
	author={King, Ross D and Whelan, Kenneth E and Jones, Ffion M and Reiser, Philip GK and Bryant, Christopher H and Muggleton, Stephen H and Kell, Douglas B and Oliver, Stephen G},
	journal={Nature},
	volume={427},
	number={6971},
	pages={247--252},
	year={2004},
	publisher={Nature Publishing Group}
}


@inproceedings{wagner2001science,
	title={The science autonomy system of the Nomad robot},
	author={Wagner, Michael D and Apostolopoulos, Dimitrios and Shillcutt, Kimberly and Shamah, Benjamin and Simmons, Reid and Whittaker, William},
	booktitle={Robotics and Automation, 2001. Proceedings 2001 ICRA. IEEE International Conference on},
	volume={2},
	pages={1742--1749},
	year={2001},
	organization={IEEE}
}


@inproceedings{thompson2008intelligent,
	title={Intelligent maps for autonomous kilometer-scale science survey},
	author={Thompson, David R and Wettergreen, David},
	booktitle={Proc. i-SAIRAS},
	year={2008}
}

@article{ferri2010novel,
	title={A novel trigger-based method for hydrothermal vents prospecting using an autonomous underwater robot},
	author={Ferri, Gabriele and Jakuba, Michael V and Yoerger, Dana R},
	journal={Autonomous Robots},
	volume={29},
	number={1},
	pages={67--83},
	year={2010},
	publisher={Springer}
}


@inproceedings{girdhar2013autonomous,
	title={Autonomous Adaptive Underwater Exploration using Online Topic Modeling},
	author={Girdhar, Yogesh and Giguere, Philippe and Dudek, Gregory},
	booktitle={Experimental Robotics},
	pages={789--802},
	year={2013},
	organization={Springer}
}

@article{girdhar2013Aautonomous,
	title={Autonomous adaptive exploration using realtime online spatiotemporal topic modeling},
	author={Girdhar, Yogesh and Gigu{\`e}re, Philippe and Dudek, Gregory},
	journal={The International Journal of Robotics Research},
	pages={0278364913507325},
	year={2013},
	publisher={SAGE Publications}
}

@inproceedings{thompson2013adaptive,
	title={Adaptive sensing of time series with application to remote exploration},
	author={Thompson, David R and Cabrol, Nathalie A and Furlong, Michael and Hardgrove, Craig and Low, Bryan Kian Hsiang and Moersch, Jeffrey and Wettergreen, David},
	booktitle={Robotics and Automation (ICRA), 2013 IEEE International Conference on},
	pages={3463--3468},
	year={2013},
	organization={IEEE}
}


@inproceedings{bender2013autonomous,
	title={Autonomous exploration of large-scale benthic environments},
	author={Bender, Asher and Williams, Stefan B and Pizarro, Oscar},
	booktitle={Robotics and Automation (ICRA), 2013 IEEE International Conference on},
	pages={390--396},
	year={2013},
	organization={IEEE}
}



@inproceedings{girdhar2014curiosity,
	title={Curiosity based exploration for learning terrain models},
	author={Girdhar, Yogesh and Whitney, David and Dudek, Gregory},
	booktitle={Robotics and Automation (ICRA), 2014 IEEE International Conference on},
	pages={578--584},
	year={2014},
	organization={IEEE}
}

% Optimal foraging
@phdthesis{charnov1973optimal,
	title={Optimal foraging: some theoretical explorations},
	author={Charnov, Eric and Orians, Gordon H},
	school={University of Washington},
	year={1973}
}


@article{charnov1976optimal,
	title={Optimal foraging, the marginal value theorem},
	author={Charnov, Eric L},
	journal={Theoretical population biology},
	volume={9},
	number={2},
	pages={129--136},
	year={1976},
	publisher={Academic Press}
}

@article{pirolli1999information,
	title={Information foraging.},
	author={Pirolli, Peter and Card, Stuart},
	journal={Psychological review},
	volume={106},
	number={4},
	pages={643},
	year={1999},
	publisher={American Psychological Association}
}


@article{kolling2012neural,
	title={Neural mechanisms of foraging},
	author={Kolling, Nils and Behrens, Timothy EJ and Mars, Rogier B and Rushworth, Matthew FS},
	journal={Science},
	volume={336},
	number={6077},
	pages={95--98},
	year={2012},
	publisher={American Association for the Advancement of Science}
}




@article{furlong2014budgeting,
	title={Budgeting Samples for Exploration in Unknown Environments},
	author={Furlong, P Michael and Wettergreen, David S},
	year={2014},
	journal={{i-SAIRAS}}
}

@inproceedings{furlong2014sequential,
	title={Sequential Allocation of Sampling Budgets in Unknown Environments},
	author={Furlong, P Michael and Wettergreen, David},
	booktitle={Robotics and Automation (ICRA), 2014 IEEE International Conference on},
	year={2014},
	organization={IEEE}
}



% Optimal design of experiments
@article{smith1918standard,
	title={On the standard deviations of adjusted and interpolated values of an observed polynomial function and its constants and the guidance they give towards a proper choice of the distribution of observations},
	author={Smith, Kirstine},
	journal={Biometrika},
	pages={1--85},
	year={1918},
	publisher={JSTOR}
}


@article{schmidhuber1997what,
	title={What's interesting?},
	author={Schmidhuber, J{\"u}rgen},
	year={1997},
	publisher={Citeseer}
}

@incollection{schmidhuber2003exploring,
	title={Exploring the predictable},
	author={Schmidhuber, Juergen},
	booktitle={Advances in evolutionary computing},
	pages={579--612},
	year={2003},
	publisher={Springer}
}


@article{schmidhuber2009simple,
	title={Simple algorithmic theory of subjective beauty, novelty, surprise, interestingness, attention, curiosity, creativity, art, science, music, jokes},
	author={Schmidhuber, Jurgen},
	journal={Journal of SICE},
	volume={48},
	number={1},
	year={2009}
}

@incollection{sun2011planning,
	title={Planning to be surprised: Optimal bayesian exploration in dynamic environments},
	author={Sun, Yi and Gomez, Faustino and Schmidhuber, J{\"u}rgen},
	booktitle={Artificial General Intelligence},
	pages={41--51},
	year={2011},
	publisher={Springer}
}



@article{burnetas1997optimal,
	title={Optimal adaptive policies for Markov decision processes},
	author={Burnetas, Apostolos N and Katehakis, Michael N},
	journal={Mathematics of Operations Research},
	volume={22},
	number={1},
	pages={222--255},
	year={1997},
	publisher={INFORMS}
}

@inproceedings{donmez2008proactive,
	title={Proactive learning: cost-sensitive active learning with multiple imperfect oracles},
	author={Donmez, Pinar and Carbonell, Jaime G},
	booktitle={Proceedings of the 17th ACM conference on Information and knowledge management},
	pages={619--628},
	year={2008},
	organization={ACM}
}


% Secretary problem papers.
@article{ferguson1989solved,
	title={Who solved the secretary problem?},
	author={Ferguson, Thomas S},
	journal={Statistical science},
	pages={282--289},
	year={1989},
	publisher={JSTOR}
}

@article{presman1972best,
	title={The best choice problem for a random number of objects},
	author={Presman, Ernst L'vovich and Sonin, Isaac Mikhailovich},
	journal={Teoriya Veroyatnostei i ee Primeneniya},
	volume={17},
	number={4},
	pages={695--706},
	year={1972},
	publisher={Russian Academy of Sciences, Branch of Mathematical Sciences}
}

@article{vanderbei1980optimal,
	author = {R. J. Vanderbei},
	title = {The Optimal Choice of a Subset of a Population},
	journal = {Mathematics of Operations Research},
	volume = {5},
	number = {4},
	pages = {481-486},
	year = {1980},
	doi = {10.1287/moor.5.4.481},

	URL = { 
		        http://dx.doi.org/10.1287/moor.5.4.481
		    
	},
	eprint = { 
		        http://dx.doi.org/10.1287/moor.5.4.481
		    
	}
	,
		    abstract = { We check a ranked population in random order. At each step we either accept or reject the observed sample. As a result we get a partition of the population into two parts: accepted and rejected. We are interested only in the case when all accepted samples are better than all rejected. Under this condition, we maximize the probability to obtain a fixed size k of the accepted part. An arbitrary gain function φ(k) is also considered. }
}

